@book{abelson.etal_1997,
  title = {Structure and Interpretation of Computer Programs},
  shorttitle = {Structure and Interpretation of Computer Programs},
  author = {Abelson, Harold and Sussman, Gerald and Sussman, Julie},
  date = {1997},
  edition = {2},
  publisher = {{The MIT Press}},
  abstract = {Abelson, H., Sussman, G. J., \& Sussman, J. (1997). Structure and interpretation of computer programs (2nd ed.). The MIT Press.},
  langid = {english},
  file = {files/31/Structure and interpretation of computer programs.pdf}
}

@book{damji.etal_2020,
  title = {Learning {{Spark}}: {{Lightning-fast}} Data Analytics},
  shorttitle = {Learning {{Spark}}},
  author = {Damji, Jules S and Wenig, Brooke and Das, Tathagata and Lee, Denny},
  date = {2020},
  edition = {2},
  publisher = {{O'Reilly Media, Inc.}},
  abstract = {Damji, J. S., Wenig, B., Das, T., \& Lee, D. (2020). Learning Spark: Lightning-fast data analytics (2nd ed.). O’Reilly Media, Inc.},
  isbn = {978-1-4920-5004-9},
  langid = {english},
  file = {files/48/Learning Spark Lightning-fast data analytics.pdf}
}

@book{densmore_2021,
  title = {Data {{Pipelines Pocket Reference}}: {{Moving}} and {{Processing Data}} for {{Analytics}}},
  shorttitle = {Data {{Pipelines Pocket Reference}}},
  author = {Densmore, James},
  date = {2021},
  publisher = {{O’Reilly Media, Inc.}},
  abstract = {Densmore, J. (2021). Data pipelines pocket reference: Moving and processing data for analytics. O’Reilly Media, Inc.},
  isbn = {978-1-4920-8783-0},
  langid = {english},
  file = {files/35/Data Pipelines Pocket Reference Moving and Processing Data for Analytics.pdf}
}

@book{kimball.ross_2013,
  title = {The Data Warehouse Toolkit: {{The}} Definitive Guide to Dimensional Modeling},
  shorttitle = {The Data Warehouse Toolkit},
  author = {Kimball, Ralph and Ross, Margy},
  date = {2013},
  edition = {3rd},
  publisher = {{Wiley}},
  abstract = {Kimball, R. \& Ross, M. (2013). The data warehouse toolkit: The definitive guide to dimensional modeling (3rd ed.). Wiley.},
  isbn = {978-1-118-53080-1},
  langid = {english}
}

@book{marr_2016,
  title = {Big Data in Practice: {{How}} 45 Successful Companies Used Big Data Analytics to Deliver Extraordinary Results},
  shorttitle = {Big Data in Practice},
  author = {Marr, Bernard},
  date = {2016},
  publisher = {{John Wiley and Sons}},
  abstract = {Marr, B. (2016). Big data in practice: How 45 successful companies used big data analytics to deliver extraordinary results. John Wiley \& Sons.},
  isbn = {978-1-119-23138-7},
  langid = {english},
  file = {files/50/Big data in practice How 45 successful companies used big data analytics to deliver extraordinary results.pdf}
}

@book{odersky.etal_2021,
  title = {Programming in {{Scala}}},
  shorttitle = {Programming in {{Scala}}},
  author = {Odersky, Martin and Spoon, Lex and Venners, Bill and Sommers, Frank},
  date = {2021},
  edition = {5},
  publisher = {{Artima Press}},
  isbn = {978-0-9971480-0-8},
  langid = {english},
  keywords = {Scala},
  file = {files/27/Programming in Scala.pdf}
}

@book{reis.housley_2022,
  title = {Fundamentals of Data Engineering: Plan and Build Robust Data Systems},
  shorttitle = {Fundamentals of Data Engineering},
  author = {Reis, Joe and Housley, Matthew L.},
  date = {2022},
  publisher = {{O’Reilly Media, Inc.}},
  abstract = {Reis, J. \& Housley, M. (2023). Fundamentals of data engineering: Plan and build robust data systems. O’Reilly Media.},
  isbn = {978-1-09-810830-4},
  langid = {english},
  keywords = {Big data,Computer architecture,COMPUTERS / Data Science / Data Modeling \& Design,Database design,Database management},
  annotation = {OCLC: on1334138491},
  file = {files/37/Fundamentals of data engineering plan and build robust data systems.pdf}
}

@book{shapira.etal_2022,
  title = {Kafka: The Definitive Guide: Real-Time Data and Stream Processing at Scale},
  shorttitle = {Kafka},
  author = {Shapira, Gwen and Palino, Todd and Sivaram, Rajini and Petty, Krit},
  date = {2022},
  edition = {2},
  publisher = {{O’Reilly Media, Inc.}},
  abstract = {Shapira, G., Palino, T., Sivaram, R., \& Petty, K. (2022). Kafka: The definitive guide: Real-time data and stream processing at scale (2nd ed.). O’Reilly Media.},
  isbn = {978-1-4920-4308-9},
  langid = {english},
  file = {files/52/Kafka the definitive guide real-time data and stream processing at scale.pdf}
}

@book{wamplerr_2021,
  title = {Programming {{Scala}}},
  shorttitle = {Programming {{Scala}}},
  author = {Wamplerr, Dean},
  date = {2021},
  edition = {3rd},
  publisher = {{O’Reilly Media, Inc.}},
  abstract = {Wampler, D. (2021). Programming Scala, 3rd Edition. O’Reilly Media, Inc.},
  isbn = {978-1-4920-7782-4},
  langid = {english},
  keywords = {Scala},
  file = {files/29/Programming Scala.pdf}
}
